@book{Wettl04,
    author    = {Ferenc Wettl and Gyula Mayer and Péter Szabó},
    publisher = {Panem Könyvkiadó},
    title     = {\LaTeX~kézikönyv},
    year      = {2004},
}

@article{Candy86,
    author       = {James C. Candy},
    journaltitle = {{IEEE} Trans.\ on Communications},
    month        = {01},
    note         = {\doi{10.1109/TCOM.1986.1096432}},
    number       = {1},
    pages        = {72--76},
    title        = {Decimation for Sigma Delta Modulation},
    volume       = {34},
    year         = {1986},
}

@inproceedings{Lee87,
    author    = {Wai L. Lee and Charles G. Sodini},
    booktitle = {Proc.\ of the IEEE International Symposium on Circuits and Systems},
    location  = {Philadelphia, PA, USA},
    month     = {05~4--7},
    pages     = {459--462},
    title     = {A Topology for Higher Order Interpolative Coders},
    vol       = {2},
    year      = {1987},
}

@thesis{KissPhD,
    author      = {Peter Kiss},
    institution = {Technical University of Timi\c{s}oara, Romania},
    month       = {04},
    title       = {Adaptive Digital Compensation of Analog Circuit Imperfections for Cascaded Delta-Sigma Analog-to-Digital Converters},
    type        = {phdthesis},
    year        = {2000},
}

@manual{Schreier00,
    author       = {Richard Schreier},
    month        = {01},
    note         = {\url{http://www.mathworks.com/matlabcentral/fileexchange/}},
    organization = {Oregon State University},
    title        = {The Delta-Sigma Toolbox v5.2},
    year         = {2000},
}

@misc{DipPortal,
    author       = {{Budapesti Műszaki és Gazdaságtudományi Egyetem Villamosmérnöki és Informatikai Kar}},
    howpublished = {\url{http://diplomaterv.vik.bme.hu/}},
    title        = {Diplomaterv portál (2011. február 26.)},
}

@incollection{Mkrtychev:1997,
    author    = {Mkrtychev, Alexey},
    booktitle = {Logical Foundations of Computer Science},
    doi       = {10.1007/3-540-63045-7_27},
    editor    = {Adian, Sergei and Nerode, Anil},
    isbn      = {978-3-540-63045-6},
    pages     = {266-275},
    publisher = {Springer Berlin Heidelberg},
    series    = {Lecture Notes in Computer Science},
    title     = {Models for the logic of proofs},
    url       = {http://dx.doi.org/10.1007/3-540-63045-7_27},
    volume    = {1234},
    year      = {1997},
}

@report{Jeney,
    author      = {Jeney, Gábor},
    institution = {Budapesti Műszaki és Gazdaságtudományi Egyetem, Híradástechnikai Tanszék},
    location    = {Budapest},
    note        = {\url{http://www.mcl.hu/~jeneyg/kinezet.pdf}},
    title       = {Hogyan néz ki egy igényes dokumentum? {N}éhány szóban az alapvető tipográfiai szabályokról},
    type        = {techreport},
    year        = {2014},
}

@article{Maaten08,
    title={Visualizing Data using t-SNE},
    author={Laurens van der Maaten and Geoffrey E. Hinton},
    journal={Journal of Machine Learning Research},
    year={2008},
    volume={9},
    pages={2579-2605}
}

@article{2019TRIMAP,
    author = {{Amid}, Ehsan and {Warmuth}, Manfred K.},
    title = "{TriMap: Large-scale Dimensionality Reduction Using Triplets}",
    journal = {arXiv preprint arXiv:1910.00204},
    archivePrefix = "arXiv",
    eprint = {1910.00204},
    year = 2019,
}

@article{2018UMAP,
    author = {{McInnes}, L. and {Healy}, J. and {Melville}, J.},
    title = "{UMAP: Uniform Manifold Approximation and Projection for Dimension Reduction}",
    journal = {ArXiv e-prints},
    archivePrefix = "arXiv",
    eprint = {1802.03426},
    primaryClass = "stat.ML",
    keywords = {Statistics - Machine Learning,
                Computer Science - Computational Geometry,
                Computer Science - Learning},
    year = 2018,
    month = feb,
}

@article{wang21,
    author  = {Yingfan Wang and Haiyang Huang and Cynthia Rudin and Yaron Shaposhnik},
    title   = {Understanding How Dimension Reduction Tools Work: An Empirical Approach to Deciphering t-SNE, UMAP, TriMap, and PaCMAP for Data Visualization},
    journal = {Journal of Machine Learning Research},
    year    = {2021},
    volume  = {22},
    number  = {201},
    pages   = {1-73},
    url     = {http://jmlr.org/papers/v22/20-1061.html}
}
